@Book{Atiyah1969,
  author =	"M. F. Atiyah and J. G. MacDonald",
  title =	"Introduction to Commutative Algebra",
  publisher =	"Addison-Wesley",
  address =	"Reading, Massachusetts",
  year = 	"1969",
}

@MISC{NTL2009,
  author        = "V. Shoup",
  title         = "A Library for doing Number Theory (\uppercase{NTL})",
  howpublished  = "\url{http://www.shoup.net/ntl/}",
  year          = "2009",
}
 
@MISC{Magma2010,
  author        = "Magma Team",
  title         = "Magma Computational Algebra System",
  howpublished  = "\url{http://magma.maths.usyd.edu.au/}",
  year          = "2010",
}

@MISC{GMP2010,
  author        = "GMP Team",
  title         = "The GNU Multiple Precision Arithmetic Library (\uppercase{GMP})",
  edition       = "5.0.1",
  howpublished  = "\url{http://gmplib.org/}",
  year          = "2010",
}
 
@MISC{ATLAS2010,
  author        = "ATLAS Team",
  title         = "Automatically Tuned Linear Algebra Software (\uppercase{ATLAS})",
  edition       = "3.9.32",
  howpublished  = "\url{http://math-atlas.sourceforge.net/}",
  year          = "2010",
}
 
 @Book{VonzurGathen1999,
  author =	"J. {von zur Gathen} and J. Gerhard",
  title =	"Modern Computer Algebra",
  publisher =	"Cambridge University Press",
  edition   = "Second",
  pages =	"xiii + 753",
  year = 	"1999",
  ISBN = 	"0-521-64176-4",
  isbn-13 =	"978-0-521-64176-0",
  LCCN = 	"QA76.9.A43 Z87 1999",
}

@Article{BreKun1978,
  author =	"Brent and Kung",
  title =	"Fast Algorithms for Manipulating Formal Power Series",
  journal =	"JACM: Journal of the ACM",
  volume =	"25",
  year = 	"1978",
}

@InProceedings{Shoup1999,
  title =	"Efficient Computation of Minimal Polynomials in Algebraic Extensions of Finite Fields",
  author =	"Victor Shoup",
  year = 	"1999",
  bibdate =	"2002-12-16",
  booktitle =	"ISSAC",
  pages =	"53--58",
}

@Article{Cipolla1903,
  author = "Cipolla, M.",
  title = "Un metodo per la risoluzione della congruenza di secondo grado",
  journal = "Napoli Rend.",
  volume = "9",
  pages = "153--163",
  year = "1903",
  language="Italian",
  reviewer="{Landau, Dr. (Berlin)}",
}

@Article{Tonelli1891,
	author = "A. Tonelli",
	title = {Bemerkung \"uber die Aufl\"osung quadratischer Congruenzen},
	journal = {G\"ottinger Nachrichten},
	year = "1891",
	pages = "344-346"
}

@InProceedings{Shanks1972,
  author =	"Daniel Shanks",
  title =	"Five Number-theoretic Algorithms",
  booktitle =	"Proceedings of the Second Manitoba Conference on Numerical Mathematics",
  year = 	"1972",
  pages =	"51--70",
}

@InProceedings{AdlManMil1977,
  author =	"Adleman and Manders and Miller",
  title =	"On Taking Roots in Finite Fields",
  booktitle =	"IEEE Symposium on Foundations of Computer Science (FOCS)",
  year = 	"1977",
  pages = "175--178"
}

@Article{Wan1997,
 author = {Wan, Daqing},
 title = {Generators and irreducible polynomials over finite fields},
 journal = {Math. Comput.},
 volume = {66},
 issue = {219},
 month = {July},
 year = {1997},
 issn = {0025-5718},
 pages = {1195--1212},
 numpages = {18},
 url = {http://dx.doi.org/10.1090/S0025-5718-97-00835-1},
 doi = {http://dx.doi.org/10.1090/S0025-5718-97-00835-1},
 acmid = {262724},
 publisher = {American Mathematical Society},
 address = {Boston, MA, USA},
} 

@Article{Pohlig1978,
  author =	"S. C. Pohlig and M. E. Hellman",
  year = 	"1978",
  title =	"An improved algorithm for computing logarithms over ${GF}(p)$ and its cryptographic significance",
  journal =	"IEEE Transactions on Information Theory",
  volume =	"IT-24",
  pages =	"106--110",
}

@InCollection{Shank1971,
  author =	"Daniel Shanks",
  title =	"Class Number, a Theory of Factorization, and Genera",
  booktitle =	"Analytic Number Theory",
  series =	"Proceedings of Symposia in Pure Mathematics",
  publisher =	"American Mathematical Society",
  volume =	"20",
  year = 	"1971",
  pages =	"415--440",
}

@Article{Pollard1978,
  author =	"J. M. Pollard",
  title =	"Monte Carlo methods for index computation mod p",
  volume =	"32",
  added-by =	"sti",
  added-at =	"Thu Mar 30 18:44:16 2000",
  year = 	"1978",
  pages =	"918--924",
  journal =	"Mathematics of Computation",
  annote =	"Pollard Rho",
}

@Book{Gauss1981,
  author =	"C. F. Gauss",
  title =	{Untersuchungen \"Uber H\"ohere Arithmetik},
  publisher =	"Chelsea publishing company",
  edition = "second",
  address =	"New York",
  year = 	"1981",
}

@Article{Carlitz1952,
 author="Carlitz, Leonard",
 title="A theorem of Dickson on irreducible polynomials",
 language="English",
 journal="Proc. Am. Math. Soc. ",
 volume="3",
 pages="693-700",
 year="1952",
 doi={10.2307/2032168},
 keywords="{number fields, function fields}",
}

@Article{Yucas2006,
  title =	"Irreducible polynomials over finite fields with prescribed trace / prescribed constant term",
  author =	"Joseph L. Yucas",
  journal =	"Finite Fields and Their Applications",
  year = 	"2006",
  number =	"2",
  volume =	"12",
  bibdate =	"2010-06-23",
  bibsource =	"DBLP, http://dblp.uni-trier.de/db/journals/ffa/ffa12.html#Yucas06",
  pages =	"211--221",
  URL =  	"http://dx.doi.org/10.1016/j.ffa.2005.04.006",
}

@Misc{Moisio2007,
  title =	"Kloosterman sums, elliptic curves, and irreducible polynomials with prescribed trace and norm",
  note = 	"Comment: 21 pages; revised version with somewhat more clearer proofs; to appear in Acta Arithmetica",
  author =	"Marko Moisio",
  year = 	"2007",
  month =	nov # "~21",
  bibsource =	"OAI-PMH server at export.arxiv.org",
  oai =  	"oai:arXiv.org:0706.2112",
  subject =	"Mathematics - Number Theory; Mathematics - Combinatorics; 11T06, 11T23; 05A15",
  URL =  	"http://arxiv.org/abs/0706.2112",
}

@Article{Chowla1966,
 author="Chowla, Sarvadaman",
 title="{A note on the construction of finite Galois fields $GF(p^n)$.}",
 language="English",
 journal="J. Math. Anal. Appl. ",
 volume="15",
 pages="53-54",
 year="1966",
 doi={10.1016/0022-247X(66)90136-3},
 keywords="{number theory}",
}

@Article{Cohen1970,
 author="Cohen, S.D.",
 title="{The distribution of polynomials over finite fields.}",
 language="English",
 journal="Acta Arith. ",
 volume="17",
 pages="255-271",
 year="1970",
 classmath="{*11T06 (Polynomials over finite fields or rings)11T55 (Arithmetic theory of polynomial rings over finite fields)}",
}

@Article{Ree1971,
 author="Ree, R.",
 title="{Proof of a conjecture of S. Chowla.}",
 language="English",
 journal="J. Number Theory ",
 volume="3",
 pages="210-212",
 year="1971",
 doi={10.1016/0022-314X(71)90038-2},
 classmath="{*11T06 (Polynomials over finite fields or rings)}",
}

@Article{vonzurGathen2001,
  title =	"Factoring Polynomials Over Finite Fields: {A} Survey",
  author =	"Joachim von zur Gathen and Daniel Panario",
  journal =	"J. Symb. Comput",
  year = 	"2001",
  number =	"1/2",
  volume =	"31",
  bibdate =	"2003-11-19",
  bibsource =	"DBLP, http://dblp.uni-trier.de/db/journals/jsc/jsc31.html#GathenP01",
  pages =	"3--17",
}

@Book{Lidl-Niederreiter1994,
  author =	"Rudolf Lidl and Harald Niederreiter",
  title =	"Introduction to finite fields and their applications",
  pages =	"xi, 416",
  year = 	"1994",
  publisher =	"Cambridge University Press",
  address =	"Cambridge",
  cdate =	"1970-01-01",
  mdate =	"2005-08-18",
}

@Article{Legendre1785,
  title = "Recherches d'analyse ind\'etermin\'ee",
  author = "A. M. Legendre",
  year = "1785",
  journal = "M\'em. Acad. R. Sci",
  pages = "465--559",
}

@Book{BachSh1996,
  author =	"Eric Bach and Jeffrey Shallit",
  title =	"Algorithmic Number Theory; Volume {I}: Efficient Algorithms",
  publisher =	"The MIT Press",
  year = 	"1996",
}

@Article{Dirichlet1837,
  title = {Beweis des Satzes, dass jede unbegrenzte arithmetische Progression, deren erstes Glied und Differenz ganze Zahlen ohne gemeinschaftlichen Factor sind, unendlich viele Primzahlen enth\"alt},
  author = "Dirichlet, P. G. L.",
  year = "1837",
  journal = {Abhandlungen der K\"oniglich Preussischen Akademie der Wissenschaften},
  pages = "45--81",
}

@Article{Linnik1944,
  author =	"U. V Linnik",
  title =	"On the Least Prime in an Arithmetic Progression. {I}. The Basic Theorem",
  journal =	"Rec. Math.",
  volume =	"15",
  pages =	"139--178",
  year = 	"1944",
}

@Article{Heath-Brown1992,
 author="Heath-Brown, D.R.",
 title="{Zero-free regions for Dirichlet $L$-functions and the least prime in an arithmetic progression.}",
 language="English",
 journal="Proc. Lond. Math. Soc., III. Ser. ",
 volume="64",
 number="2",
 pages="265-338",
 year="1992",
 doi={10.1112/plms/s3-64.2.265},
 abstract="{See the preview in Zbl 0725.11041.}",
 keywords="{zero-free regions for Dirichlet $L$-functions; Linnik's constant}",
 classmath="{*11N13 (Primes in progressions) 11M26 (Nonreal zeros of zeta(s) and L(s,chi))}",
}

@InProceedings{Tornaria2002,
  author =	"G. Tornar\'ia",
  title =	"Square Roots Modulo p",
  booktitle =	"LATIN 2002: Theoretical Informatics",
  year = 	"2002",
  pages = "430--434",
}

@InProceedings{KaltofenShoup1997,
  title =	"Fast Polynomial Factorization Over High Algebraic Extensions of Finite Fields",
  author =	"Erich Kaltofen and Victor Shoup",
  year = 	"1997",
  bibdate =	"2002-12-16",
  bibsource =	"DBLP, http://dblp.uni-trier.de/db/conf/issac/issac97.html#KaltofenS97",
  booktitle =	"ISSAC",
  pages =	"184--188",
}

From Bibliography on Logic Programming (JSC94):

@Article{Shoup1994,
  author =	"V. Shoup",
  title =	"{Fast Construction of Irreducible Polynomials over Finite Fields"}",
  journal =	"Journal of Symbolic Computation",
  year = 	"1994",
  volume =	"17",
  number =	"5",
  pages =	"371--391",
  month =	may,
}

@InBook{Maurer1992a,
  author =	"Ueli M. Maurer",
  title =	"Some number-theoretic conjectures and their relation to the generation of cryptographic primes",
  publisher =	"Oxford University Press",
  note = 	"Cryptography and Coding, II",
  year = 	"1992",
  pages =	"173--191",
}

@InProceedings{Maurer1989,
  author =	"Ueli M. Maurer",
  title =	"Fast Generation of Secure {RSA}-Moduli with Almost Maximal Diversity",
  booktitle =	"Advances in Cryptology–EUROCRYPT '89 (LNCS 434)",
  year = 	"1989",
  pages = "636--647",
}

@InProceedings{Yun1976,
  title =	"On square-free decomposition algorithms",
  author =	"David Y. Y. Yun",
  booktitle = "Proc. ACM Symp. Symbolic and Algebraic Comp.",
  year = 	"1976",
  pages = "26--35",
  bibsource =	"OAI-PMH server at shaun.dlib.vt.edu",
  language =	"en",
  oai =  	"oai:ACMDL:articles.806320",
  URL =  	"http://portal.acm.org/citation.cfm?id=806320\&coll=portal\&dl=ACM",
}

@Article{Arwin1918,
 author="Arwin, A.",
 title="{\"Uber Kongruenzen von dem f\"unften und h\"oheren Graden nach einem Primzahlmodulus.}",
 language="German",
 journal = "Ark. för Mat., Astron. och Fys.",
 year="1918",
 pages = "1--46",
 volume = "14",
 reviewer="{Fueter, Prof. (Z\"urich)}",
}

@Article{zurShoup1992,
  author =	"von zur Gathen and Shoup",
  title =	"Computing Frobenius Maps and Factoring Polynomials",
  journal =	"CMPCMPL: Computational Complexity",
  volume =	"2",
  pages = "187--224",
  year = 	"1992",
}

@Article{CantorandZassenhaus1981,
  author =	"D. G. Cantor and H. Zassenhaus",
  title =	"A new Algorithm for Factoring Polynomials over Finite Fields",
  journal =	"Mathematics of Computation",
  year = 	"1981",
  volume =	"36",
  pages =	"587--592",
}

@Article{Schoof1985,
 author="Schoof, Ren\'e",
 title="{Elliptic curves over finite fields and the computation of square roots mod p.}",
 language="English",
 journal="Math. Comput. ",
 volume="44",
 pages="483-494",
 year="1985",
 doi={10.2307/2007968},
 reviewer="{H.-G.R\"uck}",
}

@Book{Washington2008,
 author="Washington, Lawrence C.",
 title="{Elliptic curves Number theory and cryptography}",
 edition = "Second",
 language="English",
 publisher="{Boca Raton, FL: Chapman and Hall/CRC}",
 year="2008",
}

@Book{Enge1999,
 author = {Enge, Andreas},
 title = {Elliptic curves and their applications to cryptography: an introduction},
 year = {1999},
 isbn = {0-7923-8589-6},
 publisher = {Kluwer Academic Publishers},
 address = {Norwell, MA, USA},
} 

@Book{Fulton2008,
 author="Fulton, William",
 title="{Algebraic curves. An introduction to algebraic geometry}",
 language="English",
 publisher="{Advanced Book Classics. Redwood City, CA: Addison-Wesley Publishing Company, Inc.}",
 year="2008",
}

@Book{Silverman2009,
 author="Silverman, Joseph H.",
 title="{The arithmetic of elliptic curves}",
 edition = "second",
 language="English",
 publisher="{Graduate Texts in Mathematics 106. New York, NY: Springer}",
 year="2009",
 doi={10.1007/978-0-387-09494-6},
}

@Book{Schmitt2003,
 author="Schmitt, Susanne and Zimmer, Horst G.",
 title="{Elliptic curves. A computational approach. With an appendix by Attila Peth\"o.}",
 language="English",
 publisher="{de Gruyter Studies in Mathematics 31. Berlin: Walter de Gruyter}",
 year="2003",
}

@Book{Lang1978,
 author="Lang, Serge",
 title="{Elliptic curves: Diophantine analysis}",
 language="English",
 publisher="{Grundlehren der Mathematischen Wissenschaften. 231. Berlin-Heidelberg-New York: Springer-Verlag}",
 year="1978",
}

@Article{Weilp1940,
 author=" Andr\'{e} Weil",
 title="{Sur les fonctions algebriques \'{a} corps de constantes finis}",
 language="French",
 journal="C. R. Acad. Sci. Paris",
 volume="210",
 pages="592--594",
 year="1940",
}

@Book{Blake2004,
  editor =	"Ian F. Blake and G. (Gadiel) Seroussi and Nigel P. (Nigel Paul) Smart",
  title =	"Advances in elliptic curve cryptography",
  volume =	"317",
  publisher =	"Cambridge University Press",
  pages =	"xvi + 281",
  year = 	"2004",
  ISBN = 	"0-521-60415-X",
  isbn-13 =	"978-0-521-60415-4",
  series =	"London Mathematical Society lecture note series",
  subject =	"Computer security; Public key cryptography",
}

@Article{Miller2004,
  title =	"The Weil Pairing, and Its Efficient Calculation",
  author =	"Victor S. Miller",
  journal =	"J. Cryptology",
  year = 	"2004",
  number =	"4",
  volume =	"17",
  pages =	"235--261",
}

@Article{Frey1994,
  author =	"Gerhard Frey and Hans-Georg R{\"u}ck",
  title =	"A remark concerning $m$-divisibility and the discrete logarithm in the divisor class group of curves",
  journal =	"Mathematics of Computation",
  volume =	"62",
  number =	"206",
  pages =	"865--874",
  month =	apr,
  year = 	"1994",
  CODEN =	"MCMPAF",
  ISSN = 	"0025-5718",
}

@Article{Lichtenbaum1969,
 author="Lichtenbaum, S.",
 title="{Duality theorems for curves over p-adic fields}",
 language="English",
 journal="Invent. Math. ",
 volume="7",
 pages="120-136",
 year="1969",
 doi={10.1007/BF01389795},
 keywords="{algebraic geometry}",
}

@Article{Hasse1934,
 author="Hasse, H.",
 title="{Abstrakte Begr\"{u}ndung der komplexen multiplication und Riemannsche Vermutung in Funktionenk\"{o}rpern}",
 journal="Abh. Math. Sem. Hamburg Univ. ",
 volume="10",
 pages="325--347",
 year="1934",
}

@Article{Ruck1987,
  author =	"Hans-Georg R{\"u}ck",
  title =	"A Note on Elliptic Curves Over Finite Fields",
  journal =	"Mathematics of Computation",
  volume =	"49",
  number =	"179",
  pages =	"301--304",
  year = 	"1987",
}

@Article{Waterhouse1969,
  title =	"Abelian varieties over finite fields",
  author =	"William C. Waterhouse",
  year = 	"1969",
  number =	"4",
  volume = "2",
  journal = "Ann. Sci. Ec. Norm. Sup.",
  pages = "521--560",
}

@Book{Blake1999,
  author =	"Ian F. Blake and G. Seroussi and Nigel P. Smart",
  title =	"Elliptic curves in cryptography",
  volume =	"265",
  publisher =	"Cambridge University Press",
  pages =	"xv + 204",
  year = 	"1999",
  ISBN = 	"0-521-65374-6 (paperback)",
  series =	"London Mathematical Society lecture note series",
}

@Article{Schoof1995,
  author =	"Ren{\'e} Schoof",
  journal =	"Journal de Th\'{e}orie des Nombres de Bordeaux",
  number =	"1",
  pages =	"219--254",
  title =	"Counting points on elliptic curves over finite fields",
  volume =	"7",
  year = 	"1995",
}

@InCollection{Elkies1998,
  author =	"N. D. Elkies",
  title =	"Elliptic and Modular Curves over Finite Fields and Related Computational Issues",
  booktitle =	"Studies in Advanced Mathematics",
  volume =	"7",
  year = 	"1998",
  pages = "21--76",
  publisher = "American Mathematical Society, International Press"
}

@Article{Satoh2000,
  author =	"T. Satoh",
  journal =	"J. Ramanujan Math. Soc.",
  pages =	"247--270",
  title =	"The canonical lift of an ordinary elliptic curve over a finite field and its point counting",
  volume =	"15",
  year = 	"2000",
}

@Article{SatohSkTa2003,
 author="Satoh, Takakazu and Skjernaa, Berit and Taguchi, Yuichiro",
 title="{Fast computation of canonical lifts of elliptic curves and its application to point counting.}",
 language="English",
 journal="Finite Fields Appl. ",
 volume="9",
 number="1",
 pages="89-101",
 year="2003",
 doi={10.1016/S1071-5797(02)00013-8},
}

@InProceedings{Satoh2002,
  author =	"Satoh, Takakazu",
  title =	"On $p$-adic Point Counting Algorithms for Elliptic Curves over Finite Fields",
  booktitle =	"5th International Algorithmic Number Theory Symposium (ANTS)",
  year = 	"2002",
  series = "Lecture Notes in Comput. Sci.",
  publisher = "Springer–Verlag",
  pages = "43--66",
  volume = "2369",
}

@InProceedings{VerPreVan2001,
  author =	"Vercauteren and Preneel and Vandewalle",
  title =	"A Memory Efficient Version of Satoh's Algorithm",
  booktitle =	"Advances in Cryptology: EUROCRYPT 2001",
  year = 	"2001",
  series = "Lecture Notes in Comput. Sci.",
  publisher = "Springer–Verlag",
  pages = "1--13",
  volume = "2045",
}

@Article{Koblitz1989,
  title =	"Hyperelliptic Cryptosystems",
  author =	"Neal Koblitz",
  journal =	"J. Cryptology",
  year = 	"1989",
  number =	"3",
  volume =	"1",
  bibdate =	"2003-12-01",
  bibsource =	"DBLP, http://dblp.uni-trier.de/db/journals/joc/joc1.html#Koblitz89",
  pages =	"139--150",
}

@Book{Cohen2006,
 editor="Cohen, Henri and Frey, Gerhard",
 title="{Handbook of elliptic and hyperelliptic curve cryptography.}",
 language="English",
 publisher="{Discrete Mathematics and its Applications. Chapman $\&$ Hall/CRC, Boca Raton}",
 year="2006",
}

@Book{AdlemanHuang1992,
  author =	"L. M. Adleman and M.-D. A. Huang",
  title =	"Primality Testing and Abelian Varieties over Finite Fields",
  publisher =	"Springer-Verlag",
  address =	"Berlin-Heidelberg-New York",
  year = 	"1992",
  series =	"Lecture Notes in Mathematics",
  volume =	"1512",
}

@Article{Lenstra2002,
 author="Lenstra, H.W.jun. and Pila, J. and Pomerance, Carl",
 title="{A hyperelliptic smoothness test. II.}",
 language="English",
 journal="Proc. Lond. Math. Soc., III. Ser. ",
 volume="84",
 number="1",
 pages="105-146",
 year="2002",
 doi={10.1112/plms/84.1.105},
}

@Article{Lenstra1993,
 author="Lenstra, H.W.jun. and Pila, J. and Pomerance, Carl",
 title="{A hyperelliptic smoothness test. I.}",
 language="English",
 journal="Philos. Trans. R. Soc. Lond., Ser. A ",
 volume="345",
 number="1676",
 pages="397-408",
 year="1993",
 doi={10.1098/rsta.1993.0138},
}

@InCollection{LeBrigand1991,
  author =	"D. {Le Brigand}",
  title =	"Decoding of codes on hyperelliptic curves",
  booktitle =	"EUROCODE '90. International Symposium on Coding Theory and Applications",
  series =	"Lecture Notes in Computer Science",
  volume =	"514",
  pages =	"126--134",
  year = 	"1991",
  CODEN =	"LNCSD9",
  ISSN = 	"0302-9743",
}

@Book{Lang1982,
 author="Lang, Serge",
 title="{Introduction to algebraic and abelian functions}",
 edition = "second",
 language="English",
 publisher="{Springer-Verlag}", 
 series = "Graduate Texts in Mathematics; 89",
 year="1982",
}

@Book{Bump1998,
 author="Bump, Daniel",
 title="{Algebraic geometry.}",
 language="English",
 publisher="{World Scientific Publishing Co.}",
 year="1998",
}

@Article{Mumford1984,
  title={Tata lectures on theta. II. Jacobian theta functions and differential equations. With the 
collaboration of C. Musili, M. Nori, E. Previato, M. Stillman and H. Umemura},
  author={Mumford, David},
  journal={Progress in Mathematics},
  volume={43},
  year={1984}
}

@Article{Cantor1987,
  author =	"David G. Cantor",
  title =	"Computing in the {Jacobian} of a Hyperelliptic Curve",
  journal =	"Mathematics of Computation",
  volume =	"48",
  number =	"177",
  pages =	"95--101",
  month =	jan,
  year = 	"1987",
  CODEN =	"MCMPAF",
  ISSN = 	"0025-5718",
}

@Book{Koblitz1998,
  author =	"Neal Koblitz",
  title =	"Algebraic Aspects of Cryptography",
  publisher =	"Springer-Verlag",
  address =	"Berlin Heidelberg",
  year = 	"1998",
  ISBN = 	"3-540-63446-0",
  descriptor =	"Kryptosystem, Komplexitaet, Algebra, Kryptologie",
}

@Book{Mumford1974,
 author="Mumford, David",
 title="{Abelian varieties. With appendices by C. P. Ramanujam and Yuri Manin}",
 edition = "second",
 language="English",
 publisher="{Tata Institute of Fundamental Research Studies in Mathematics}",
 year="1974",
}

@Book{Stichtenoth2009,
 author="Stichtenoth, Henning",
 title="{Algebraic function fields and codes}",
 edition = "second",
 language="English",
 publisher="{Graduate Texts in Mathematics 254. Berlin: Springer}",
 year="2009",
}

@Book{vanderGeer1988,
 author="van Lint, Jacobus H. and van der Geer, Gerard",
 title="{Introduction to coding theory and algebraic geometry}",
 language="English",
 publisher="{Birkh\"{a}user Verlag, Basel, Germany}",
 year="1988",
}

@Article{TLange2005,
  title =	"Formulae for Arithmetic on Genus 2 Hyperelliptic Curves",
  author =	"Tanja Lange",
  journal =	"Appl. Algebra Eng. Commun. Comput",
  year = 	"2005",
  number =	"5",
  volume =	"15",
  bibdate =	"2010-12-11",
  bibsource =	"DBLP, http://dblp.uni-trier.de/db/journals/aaecc/aaecc15.html#Lange05",
  pages =	"295--328",
  URL =  	"http://dx.doi.org/10.1007/s00200-004-0154-8",
}

@Article{Gaudry2007,
 author="Gaudry, P.",
 title="{Fast genus 2 arithmetic based on theta functions.}",
 language="English",
 journal="J. Math. Cryptol. ",
 volume="1",
 number="3",
 pages="243-265",
 year="2007",
 doi={10.1515/JMC.2007.012},
}


@Article{Pelzl2003,
  author =	"Jan Pelzl and Thomas Wollinger and Jorge Guajardo and Christof Paar",
  title =	"Hyperelliptic Curve Cryptosystems: {Closing} the Performance Gap to Elliptic Curves",
  journal =	"Lecture Notes in Computer Science",
  volume =	"2779",
  pages =	"351--365",
  year = 	"2003",
  CODEN =	"LNCSD9",
  ISSN = 	"0302-9743",
  bibdate =	"Tue Apr 4 18:12:50 2006",
}

@Article{Weng2003,
  title =	"Constructing hyperelliptic curves of genus 2 suitable for cryptography",
  author =	"Annegret Weng",
  journal =	"Math. Comput",
  year = 	"2003",
  number =	"241",
  volume =	"72",
  bibdate =	"2011-02-14",
  bibsource =	"DBLP, http://dblp.uni-trier.de/db/journals/moc/moc72.html#Weng03",
  pages =	"435--458",
  URL =  	"http://dx.doi.org/10.1090/S0025-5718-02-01422-9",
}

@InProceedings{Koblitz1988a,
  author =	"N. Koblitz",
  year = 	"1988",
  title =	"A Family of Jacobians Suitable for Discrete Log Cryptosystems",
  booktitle =	"Proc. Advances in Cryptology -- {CRYPTO} '88",
  series = "Lect. Notes Comput. Sci",
  volume = "403",
  pages =	"94--99",
}

@Article{Sutherland2009,
 author="Sutherland, Andrew V.",
 title="{A generic approach to searching for Jacobians.}",
 language="English",
 journal="Math. Comput. ",
 volume="78",
 number="265",
 pages="485-507",
 year="2009",
 doi={10.1090/S0025-5718-08-02143-1},
}

@Article{Kedlaya2001,
  author =	"Kiran S. Kedlaya",
  journal =	"Journal of the Ramanujan Mathematical Society",
  number =	"4",
  pages =	"323--338",
  title =	"Counting points on hyperelliptic curves using {M}onsky-{W}ashnitzer cohomology",
  volume =	"16",
  year = 	"2001",
}

@Article{Pila1990,
  author =	"Jonathan Pila",
  title =	"Frobenius Maps of Abelian Varieties and Finding Roots of Unity in Finite Fields",
  journal =	"Mathematics of Computation",
  volume =	"55",
  year = 	"1990",
  pages =	"745--763",
}

@InProceedings{GauHar2000,
  author =	"Gaudry and Harley",
  title =	"Counting Points on Hyperelliptic Curves over Finite Fields",
  booktitle =	"ANTS: 4th International Algorithmic Number Theory Symposium (ANTS)",
  year = 	"2000",
  pages = "313--332",
}

@InProceedings{GauSch2004,
  author =	"Gaudry and Schost",
  title =	"Construction of Secure Random Curves of Genus 2 over Prime Fields",
  booktitle =	"Advances in Cryptology, Eurocrypt'04",
  series =	"Lecture Notes in Computer Science",
  year = 	"2004",
  volume =  "3027",
  pages = "239--256",
}

@Unpublished{GASC2010,
    HAL_ID = {inria-00542650},
    note = {preprint \url{http://hal.inria.fr/inria-00542650/en/}},
    title = { {G}enus 2 point counting over prime fields},
    author = {{G}audry, {P}ierrick and {S}chost, {\'E}ric},
    year = {2010},
}

@Phdthesis{Kampkotter1991,
  author = {Kampk\"{o}tter, W.},
  title = {Explizite Gleichungen f\"{u}r Jacobische Variet\"{a}ten hyperelliptischer Kurven},
  school = "Gesamthochschule Essen",
  year = "1991",
}

@Article{Levin2003,
 author="Levin, L.A.",
 title="{The tale of one-way functions.}",
 language="English. Russian original",
 journal="Problems of Information Transmission",
 volume="39",
 number="1",
 pages="92-103",
 year="2003",
 doi={10.1023/A:1023634616182},
}

@Book{Katz2008,
 author="Katz, Jonathan and Lindell, Yehuda",
 title="{Introduction to modern cryptography.}",
 language="English",
 publisher="{Chapman \& Hall/CRC}",
 year="2008",
}

@Article{KoblitzMen2004,
  author =	"N. Koblitz and A. J. Menezes",
  title =	"A survey of public-key cryptosystems",
  journal =	"SIAM Review",
  volume =	"46",
  year = 	"2004",
  number =	"4",
  pages =	"599--634",
}

@Article{Odlyzko2000,
  title =	"Discrete Logarithms: The Past and the Future",
  author =	"Andrew M. Odlyzko",
  journal =	"Des. Codes Cryptography",
  year = 	"2000",
  number =	"2/3",
  volume =	"19",
  pages =	"129--145",
}

@Book{MenOorVan96,
  editor =	"Alfred J. Menezes and Paul C. van Oorschot and Scott A. Vanston",
  publisher =	"CRC Press",
  title =	"Handbook of Applied Cryptography",
  year = 	"1996",
  crindex =	"Fichier",
  URL =  	"http://www.cacr.math.uwaterloo.ca/hac/",
}

@Article{Koblitz1987,
  author =	"N. Koblitz",
  year = 	"1987",
  title =	"Elliptic curve cryptosystems",
  journal =	"Mathematics of Computation",
  volume =	"48",
  number =	"177",
  pages =	"203--209",
}

@InProceedings{Miller1985,
  author =	"V. Miller",
  title =	"Use of Elliptic Curves in Cryptography",
  booktitle =	"Advances in Cryptology--CRYPTO '85",
  series = "Lect. Notes in Comp. Sci.",
  publisher = "Springer-Verlag",
  year = 	"1985",
  pages = "417--426",
  volume = "218",
}

@InProceedings{SilvermanSuz1998,
  author =	"J. H. Silverman and J. Suzuki",
  title =	"Elliptic Curve Discrete Logarithms and the Index Calculus",
  series =	"Lecture Notes in Computer Science",
  volume =	"1514",
  pages =	"110--125",
  year = 	"1998",
  publisher = "Springer-Verlag",  
  booktitle = "Advances in Cryptology--ASIACRYPT '98",
}

@Book{Hankerson2004,
  author =	"Darrel Hankerson and Alfred J. Menezes and Scott Vanstone",
  title =	"Guide to Elliptic Curve Cryptography",
  publisher =	"Springer-Verlag",
  year = 	"2004",
  ISBN = 	"0-387-95273-X",
}

@InProceedings{Koblitz1991,
  author =	"Neal Koblitz",
  title =	"{CM}-curves with good cryptographic properties",
  series =	"Lecture Notes in Computer Science",
  volume =	"576",
  pages =	"279--287",
  year = 	"1991",
  publisher = "Springer-Verlag",  
  booktitle = "Advances in Cryptology--Crypto '91",
}

@InProceedings{KoblitzDS1998,
  author =	"Neal Koblitz",
  title =	"An Elliptic Curve Implementation of the Finite Field Digital Signature Algorithm",
  series =	"Lecture Notes in Computer Science",
  volume =	"1462",
  pages =	"327--337",
  year = 	"1998",
  publisher = "Springer-Verlag",  
  booktitle = "Advances in Cryptology--Crypto '98",
}

@Inproceedings{Adleman1994,
 author = {Adleman, Leonard M. and DeMarrais, Jonathan and Huang, Ming-Deh A.},
 title = {A subexponential algorithm for discrete logarithms over the rational subgroup of the jacobians of large genus hyperelliptic curves over finite fields},
 booktitle = {Algorithmic Number Theory},
 series =	"Lecture Notes in Computer Science",
 year = {1994},
 pages = {28--40},
 publisher = {Springer-Verlag},
 volume = {877},
}

@Article{Enge2002,
 author = {Enge, Andreas},
 title = {Computing discrete logarithms in high-genus hyperelliptic Jacobians in provably subexponential time},
 journal = {Math. Comput.},
 volume = {71},
 issue = {238},
 year = {2002},
 issn = {0025-5718},
 pages = {729--742},
 publisher = {American Mathematical Society},
} 

@Article{Muller1999,
 author = {M\"{u}ller, Volker and Stein, Andreas and Thiel, Christoph},
 title = {Computing discrete logarithms in real quadratic congruence function fields of large genus},
 journal = {Math. Comput.},
 volume = {68},
 issue = {226},
 year = {1999},
 issn = {0025-5718},
 pages = {807--822},
 publisher = {American Mathematical Society},
}

@Inproceedings{GaudryDL2000,
 author = {Gaudry, Pierrick},
 title = {An algorithm for solving the discrete log problem on hyperelliptic curves},
 booktitle = {Advances in Cryptology--Eurocrypt '2000},
 year = {2000},
 pages = {19--34},
 publisher = {Springer-Verlag},
 series =	"Lecture Notes in Computer Science",
 volume = "1807",
}

@Article{Cantor1994,
 author="Cantor, David G.",
 title="{On the analogue of the division polynomials for hyperelliptic curves.}",
 language="English",
 journal="J. Reine Angew. Math. ",
 volume="447",
 pages="91-145",
 year="1994",
}

@Book{Knuth1988,
  author =	"Donald E. Knuth",
  title =	"The Art of Computer Programming: volume 2 / Seminumerical Algorithms",
  publisher =	"Addison-Wesley, Reading, Mass.",
  year = 	"1988",
  edition =  "third",
}

@Article{Schonhage1971,
  author =	{A. Sch\"{o}nhage and V. Strassen},
  title =	"Schnelle Multiplikation grosser Zahlen",
  journal =	"Computing",
  volume =	"7",
  year = 	"1971",
  pages =	"281--292",
}

@Article{Coppersmith1990,
 author="Coppersmith, Don and Winograd, Shmuel",
 title="{Matrix multiplication via arithmetic progressions.}",
 language="English",
 journal="J. Symb. Comput. ",
 volume="9",
 number="3",
 pages="251-280",
 year="1990",
}

@Inproceedings{Huang1997,
 author = {Huang, Xiaohan and Pan, Victor Y.},
 title = {Fast rectangular matrix multiplications and improving parallel matrix computations},
 booktitle = {Proceedings of the second international symposium on Parallel symbolic computation--PASCO '97},
 year = {1997},
 pages = {11--23},
 publisher = {ACM},
}